@book{temme1996special,
  title={Special Functions: An Introduction to the Classical Functions of Mathematical Physics},
  author={Temme, N.M.},
  isbn={9780471113133},
  lccn={95042939},
  series={A Wiley-Interscience Publication},
  url={https://books.google.com.ph/books?id=7dQko2CndYoC},
  year={1996},
  publisher={Wiley}
}

@article{villanueva2020finite,
  title={Finite-Part Integration in the Presence of Competing Singularities: Transformation Equations for the hypergeometric functions arising from Finite-Part Integration},
  author={Villanueva, Lloyd and Galapon, Eric A},
  journal={arXiv preprint arXiv:2012.01943},
  year={2020}
}

@article{exton1978handbook,
  title={Handbook of hypergeometric integrals: theory, applications, tables, computer programs},
  author={Exton, Harold},
  year={1978},
  publisher={Horwood}
}

@article{horn1931hypergeometrische,
  title={Hypergeometrische funktionen zweier ver{\"a}nderlichen},
  author={Horn, Jakob},
  journal={Mathematische Annalen},
  volume={105},
  number={1},
  pages={381--407},
  year={1931},
  publisher={Springer}
}

@inproceedings{appell1880classe,
  title={Sur une classe de polyn{\^o}mes},
  author={Appell, Paul},
  booktitle={Annales scientifiques de l'{\'E}cole normale sup{\'e}rieure},
  volume={9},
  pages={119--144},
  year={1880}
}

@article{appellfonctions,
  title={Fonctions Hyperg{\'e}om{\'e}triques et Hypersph{\'e}riques; Polyn{\^o}mes d'Hermite. 1926},
  author={Appell, P and Kamp{\'e} de F{\'e}riet, J},
  journal={Gauthier-Villars, Paris}
}

@inproceedings{Villanueva_Galapon_2019, title={New representation of gauss hypergeometric function via finite-part integration}, volume={37},  booktitle={Proceedings of the Samahang Pisika ng Pilipinas}, author={Villanueva, Lloyd and Galapon, Eric}, year={2019}, pages={SPP-2019-PB-02} }

@inproceedings{SPP-2020-2G-03, title={Kampé de Fériet function reduction formula via finite-part integration}, volume={38}, booktitle={Proceedings of the Samahang Pisika ng Pilipinas}, author={Villanueva, Lloyd Llena and Galapon, Eric A.}, year={2020}, pages={SPP-2020-2G-03}, }

@book{pipkin1991course,
  title={A course on integral equations},
  author={Pipkin, Allen C},
  number={9},
  year={1991},
  publisher={Springer Science \& Business Media}
}

@inproceedings{SPP-2018-PC-41, title={Extracting new representation of the hypergeometric function using finite part integration}, volume={36}, booktitle={Proceedings of the Samahang Pisika ng Pilipinas}, author={Santos, Leonarc Michelle and Galapon, Eric Alvarez}, year={2018}, pages={SPP-2018-PC-41} }

@inproceedings{SPP-2019-PB-05, title={Two associated hypergeometric functions arising from finite part integration}, volume={37}, booktitle={Proceedings of the Samahang Pisika ng Pilipinas}, author={Santos, Leonarc Michelle and Galapon, Eric Alvarez}, year={2019}, pages={SPP-2019-PB-05} }

@article{article333,
author = {Kim, Yong and Pogány, Tibor and Rathie, Arjun},
year = {2014},
month = {02},
pages = {},
title = {On a reduction formula for the Kampe de Feriet function},
journal = {Hacettepe Journal of Mathematics and Statistics}
}

@article{choi2019general,
  title={General summation formulas for the Kampe De Feriet function},
  author={Choi, JUNESANG and Rathie, ARJUN K},
  journal={Montes Taurus J. Pure Appl. Math},
  volume={1},
  number={1},
  pages={107--128},
  year={2019}
}

@article{karlsson1983some,
  title={Some reducible generalized Kamp{\'e} de F{\'e}riet functions},
  author={Karlsson, Per W},
  journal={Journal of mathematical analysis and applications},
  volume={96},
  number={2},
  pages={546--550},
  year={1983},
  publisher={Academic Press}
}

@inproceedings{ali2013some,
  title={On some reduction formulas of Kampe De Feriet function},
  author={Ali, Shoukat and Lachhwani, Kailash},
  booktitle={AIP Conference Proceedings},
  volume={1536},
  number={1},
  pages={1343--1345},
  year={2013},
  organization={American Institute of Physics}
}

@article{ancarani2008derivatives,
  title={Derivatives of any order of the confluent hypergeometric function F 1 1 (a, b, z) with respect to the parameter a or b},
  author={Ancarani, Lorenzo U and Gasaneo, Gustavo},
  journal={Journal of Mathematical Physics},
  volume={49},
  number={6},
  pages={063508},
  year={2008},
  publisher={American Institute of Physics}
}

@article{exton1976multiple,
  title={Multiple hypergeometric functions and applications},
  author={Exton, Harold},
  year={1976},
  publisher={Horwood}
}

@article{exton1998register,
  title={A register of computer-oriented reduction identities for the Kamp{\'e} de F{\'e}riet function},
  author={Exton, H and Krupnikov, ED},
  journal={Draft Manuscript, Novosibirsk Russia},
  year={1998}
}

@article{cvijovic2010reduction,
  title={A reduction formula for the Kamp{\'e} de F{\'e}riet function},
  author={Cvijovi{\'c}, Djurdje and Miller, Allen R},
  journal={Applied Mathematics Letters},
  volume={23},
  number={7},
  pages={769--771},
  year={2010},
  publisher={Elsevier}
}

@book{appell1926fonctions,
  title={Fonctions hyperg{\'e}om{\'e}triques et hypersph{\'e}riques: polynomes d'Hermite},
  author={Appell, Paul and De F{\'e}riet, Joseph Kamp{\'e}},
  year={1926},
  publisher={Gauthier-Villars}
}

@article{humbert1922ix,
  title={IX.—The Confluent Hypergeometric Functions of Two Variables},
  author={Humbert, Pierre},
  journal={Proceedings of the Royal Society of Edinburgh},
  volume={41},
  pages={73--96},
  year={1922},
  publisher={Royal Society of Edinburgh Scotland Foundation}
}

@article{borngasser1933uber,
  title={Uber hypergeometrische funktionen zweier veranderlichen., Von Ludwig Borngasser.},
  author={Borngasser, Ludwig},
  year={1933}
}

@article{erdelyi1940xxvi,
  title={XXVI.—Some Confluent Hypergeometric Functions of Two Variables},
  author={Erd{\'e}lyi, Arthur},
  journal={Proceedings of the Royal Society of Edinburgh},
  volume={60},
  number={3},
  pages={344--361},
  year={1940},
  publisher={Royal Society of Edinburgh Scotland Foundation}
}

@article{srivastava1976integral,
  title={An integral representation for the product of two Jacobi polynomials},
  author={Srivastava, HM and Panda, Rekha},
  journal={Journal of the London Mathematical Society},
  volume={2},
  number={4},
  pages={419--425},
  year={1976},
  publisher={Wiley Online Library}
}

@article{burchnall1941expansions,
  title={EXPANSIONS of appell's double hyper-geometric functions (II)},
  author={Burchnall, JL and Chaundy, TW},
  journal={The Quarterly Journal of Mathematics},
  number={1},
  pages={112--128},
  year={1941},
  publisher={Oxford Academic}
}

@book{abramowitz1964handbook,
  title={Handbook of mathematical functions with formulas, graphs, and mathematical tables},
  author={Abramowitz, Milton and Stegun, Irene A},
  volume={55},
  year={1964},
  publisher={US Government printing office}
}

@book{gradshteyn2014table,
  title={Table of integrals, series, and products},
  author={Gradshteyn, Izrail Solomonovich and Ryzhik, Iosif Moiseevich},
  year={2014},
  publisher={Academic press}
}

@book{emde1923tables,
  title={Tables of functions with formulae and curves},
  author={Emde, Fritz and Jahnke, Eugene},
  year={1923},
  publisher={Teubner}
}

@book{bateman1953higher,
  title={Higher transcendental functions [volumes i-iii]},
  author={Bateman, Harry},
  volume={1},
  year={1953},
  publisher={McGraw-Hill Book Company}
}

@book{nikiforov1988special,
  title={Special functions of mathematical physics},
  author={Nikiforov, Arnold F and Uvarov, Vasili{\u\i} Borisovich},
  volume={205},
  year={1988},
  publisher={Springer}
}


@book{hardy1940ramaniyan,
  title={Ramaniyan. Twelve Lectures on Subjects Suggested by His Life and Work.[With a Portrait.].},
  author={Hardy, Godfrey Harold},
  year={1940},
  publisher={University Press}
}


@misc{knopp1996theory,
  title={Theory of Functions Parts I and II, Two Volumes Bound as One, Part I},
  author={Knopp, Konrad},
  year={1996},
  publisher={New York: Dover}
}

@article{costin2014foundational,
  title={Foundational aspects of singular integrals},
  author={Costin, Ovidiu and Friedman, Harvey M},
  journal={Journal of Functional Analysis},
  volume={267},
  number={12},
  pages={4732--4752},
  year={2014},
  publisher={Elsevier}
}

@article{laforgia2009theory,
  title={A theory of divergent integrals},
  author={Laforgia, Andrea},
  journal={Applied Mathematics Letters},
  volume={22},
  number={6},
  pages={834--840},
  year={2009},
  publisher={Pergamon}
}

@article{caianiello1973generalized,
  title={Generalized integration procedure for divergent integrals},
  author={Caianiello, ER},
  journal={Il Nuovo Cimento A (1965-1970)},
  volume={15},
  number={2},
  pages={145--161},
  year={1973},
  publisher={Springer}
}

@incollection{2008189,
title = {Chapter 6 - Natural Boundaries},
editor = {Sanford L. Segal},
series = {North-Holland Mathematics Studies},
publisher = {North-Holland},
volume = {208},
pages = {189-256},
year = {2008},
booktitle = {Nine Introductions in Complex Analysis},
issn = {0304-0208},
doi = {https://doi.org/10.1016/S0304-0208(08)80007-2}
}
%url = {https://www.sciencedirect.com/science/article/pii/S0304020808800072}

@article{10.2307/24338342,
 ISSN = {0031952X},
 URL = {http://www.jstor.org/stable/24338342},
 author = {Charles B. Huelsman},
 journal = {Pi Mu Epsilon Journal},
 number = {2},
 pages = {67--70},
 publisher = {Temporary Publisher},
 title = {RAABE'S TEST},
 volume = {4},
 year = {1965}
}

@article{ancarani2010derivatives,
  title={Derivatives of any order of the hypergeometric function pFq (a1,…, ap; b1,…, bq; z) with respect to the parameters ai and bi},
  author={Ancarani, LU and Gasaneo, Gustavo},
  journal={Journal of Physics A: Mathematical and Theoretical},
  volume={43},
  number={8},
  pages={085210},
  year={2010},
  publisher={IOP Publishing}
}


@book{hardy2018course,
  title={Course of Pure Mathematics},
  author={Hardy, Godfrey Harold},
  year={2018},
  publisher={Courier Dover Publications}
}

@article{titchmarsh1939theory,
  title={The theory of functions},
  author={Titchmarsh, Edward Charles and others},
  year={1939},
  publisher={Oxford university press}
}

@book{erdelyi1954tables,
  title={Tables of Integral Transforms: Vol.: 2},
  author={Erdelyi, Arthur and Magnus, Wilhelm and Oberhettinger, Fritz and Tricomi, Francesco G},
  year={1954},
  publisher={McGraw-Hill Book Company, Incorporated}
}

@article{srivastava1985multiple,
  title={Multiple Gaussian Hypergeometric Series, Halsted Press (Ellis Horwood Limited, Chichester)},
  author={Srivastava, Hari M and Karlsson, Per Wennerberg},
  year={1985}
}

@article{doi:10.1063/5.0038274,
author = {Villanueva,Lloyd L.  and Galapon,Eric A. },
title = {Finite-part integration in the presence of competing singularities: Transformation equations for the hypergeometric functions arising from finite-part integration},
journal = {Journal of Mathematical Physics},
volume = {62},
number = {4},
pages = {043505},
year = {2021},
doi = {10.1063/5.0038274}
}
%URL = { 
        %https://doi.org/10.1063/5.0038274
    
%},
%eprint = { 
       % https://doi.org/10.1063/5.0038274
    


@article{cvijovic2008closed,
  title={Closed-form summations of certain hypergeometric-type series containing the digamma function},
  author={Cvijovi{\'c}, Djurdje},
  journal={Journal of Physics A: Mathematical and Theoretical},
  volume={41},
  number={45},
  pages={455205},
  year={2008},
  publisher={IOP Publishing}
}

@article{miller2006summations,
  title={Summations for certain series containing the digamma function},
  author={Miller, Allen R},
  journal={Journal of Physics A: Mathematical and General},
  volume={39},
  number={12},
  pages={3011},
  year={2006},
  publisher={IOP Publishing}
}


@book{temme2011special,
  title={Special functions: An introduction to the classical functions of mathematical physics},
  author={Temme, Nico M},
  year={2011},
  publisher={John Wiley \& Sons}
}

@article{hansen1975table,
  title={A table of series and products},
  author={Hansen, Eldon R},
  year={1975},
  publisher={Englewood Cliffs, NJ (USA) Prentice-Hall},
  pages = {360--366}
}

@article{saxena1959study,
  title={A study of the generalized Stieltjes transform},
  author={Saxena, RK},
  journal={Lecturer in Mathematics, MB College, Udaipur},
  volume={25},
  pages={340--355},
  year={1959}
}

@article{joshi1964generalized,
  title={On a generalized Stieltjes transform},
  author={Joshi, JMC and others},
  journal={Pac. J. Math},
  volume={14},
  pages={969--975},
  year={1964}
}

@article{ycjrecli1992theorem,
  title={A theorem on the generalized Stieltjes transform and its application},
  author={Ycjrecli, O},
  journal={J. Math. Anal. Appl},
  volume={168},
  pages={63--71},
  year={1992}
}

@article{schwarz2005generalized,
  title={The generalized Stieltjes transform and its inverse},
  author={Schwarz, John H},
  journal={Journal of mathematical physics},
  volume={46},
  number={1},
  pages={013501},
  year={2005},
  publisher={AIP}
}


@article{karp2012generalized,
  title={Generalized Stieltjes functions and their exact order},
  author={Karp, D and Prilepkina, E},
  journal={J. Class. Anal},
  volume={1},
  number={1},
  pages={53--74},
  year={2012}
}

@article{pathak1987recent,
  title={Recent developments on the Stieltjes transform of generalized functions},
  author={Pathak, Ram Sankar and Debnath, Lokenath},
  journal={International Journal of Mathematics and Mathematical Sciences},
  volume={10},
  number={4},
  pages={641--670},
  year={1987},
  publisher={Hindawi}
}


@article{tekale1989stieltjes,
  title={On Stieltjes transform of Banach-space-valued distributions},
  author={Tekale, BK and Chaudhary, MS},
  journal={Journal of mathematical analysis and applications},
  volume={139},
  number={1},
  pages={187--193},
  year={1989},
  publisher={Elsevier}
}


@article{hayek2007variant,
  title={A variant of the Stieltjes transform on distributions of compact support},
  author={Hayek, N and Gonzalez, BJ and Negrin, ER},
  journal={Applied mathematics and computation},
  volume={187},
  number={1},
  pages={202--206},
  year={2007},
  publisher={Elsevier}
}


@article{joshi1997recent,
  title={Recent studies in integral transforms},
  author={Joshi, JCM},
  journal={J. Nat. Phys. Sci},
  volume={11},
  pages={65--78},
  year={1997}
}


@article{lopez2002asymptotic,
  title={Asymptotic expansions of generalized Stieltjes transforms of algebraically decaying functions},
  author={L{\'o}pez, Jos{\'e} L and Ferreira, Chelo},
  journal={Studies in Applied Mathematics},
  volume={108},
  number={2},
  pages={187--215},
  year={2002},
  publisher={Wiley Online Library}
}




@article{miana2010stieltjes,
  title={Stieltjes transforms defined by C0-semigroups},
  author={Miana, Pedro J},
  journal={Journal of computational and applied mathematics},
  volume={234},
  number={4},
  pages={1172--1178},
  year={2010},
  publisher={Elsevier}
}

@article{slater1966generalized,
  title={Generalized hypergeometric functions},
  author={Slater, Lucy Joan},
  year={1966},
  publisher={Cambridge Univ. Press}
}

@article{karp2012hypergeometric,
  title={Hypergeometric functions as generalized Stieltjes transforms},
  author={Karp, Dmitry and Prilepkina, Elena},
  journal={Journal of Mathematical Analysis and Applications},
  volume={393},
  number={2},
  pages={348--359},
  year={2012},
  publisher={Elsevier}
}


@book{wong2001asymptotic,
  title={Asymptotic approximations of integrals},
  author={Wong, Roderick},
  volume={34},
  year={2001},
  publisher={SIAM}
}


@incollection{wong2016distributional,
  title={Distributional derivation of an asymptotic expansion},
  author={Wong, R},
  booktitle={The Selected Works of Roderick SC Wong},
  pages={181--185},
  year={2016},
  publisher={World Scientific}
}

@incollection{mcclure2016explicit,
  title={Explicit error terms for asymptotic expansions of Stieltjes transforms},
  author={McClure, JP and Wong, R},
  booktitle={The Selected Works of Roderick SC Wong},
  pages={85--101},
  year={2016},
  publisher={World Scientific}
}

@incollection{wong2016explicit,
  title={Explicit error terms for asymptotic expansions of Mellin convolutions},
  author={Wong, R},
  booktitle={The Selected Works of Roderick SC Wong},
  pages={102--118},
  year={2016},
  publisher={World Scientific}
}


@article{galapon2014exactification,
  title={Exactification of the Poincar{\'e} asymptotic expansion of the Hankel integral: spectacularly accurate asymptotic expansions and non-asymptotic scales},
  author={Galapon, Eric A and Martinez, Kay Marie L},
  journal={Proceedings of the Royal Society A: Mathematical, Physical and Engineering Sciences},
  volume={470},
  number={2162},
  pages={20130529},
  year={2014},
  publisher={The Royal Society Publishing}
}


@article{lopez2000asymptotic,
  title={Asymptotic expansions of symmetric standard elliptic integrals},
  author={L{\'o}pez, Jos{\'e} L},
  journal={SIAM Journal on Mathematical Analysis},
  volume={31},
  number={4},
  pages={754--775},
  year={2000},
  publisher={SIAM}
}

@article{tica2018finite,
  title={Finite-part integration of the generalized Stieltjes transform and its dominant asymptotic behavior for small values of the parameter. I. Integer orders},
  author={Tica, Christian D and Galapon, Eric A},
  journal={Journal of Mathematical Physics},
  volume={59},
  number={2},
  pages={023509},
  year={2018},
  publisher={AIP Publishing}
}


@article{tica2019finite,
  title={Finite-part integration of the generalized Stieltjes transform and its dominant asymptotic behavior for small values of the parameter. II. Non-integer orders},
  author={Tica, Christian D and Galapon, Eric A},
  journal={Journal of Mathematical Physics},
  volume={60},
  number={1},
  pages={013502},
  year={2019},
  publisher={AIP Publishing}
}


@article{galapon2017integration,
  title={Integration by divergent integrals: Calculus of divergent integrals in term by term integration},
  author={Galapon, Eric A},
  journal={arXiv preprint arXiv:1709.08173},
  year={2017}
}

@article{galapon2017problem,
  title={The problem of missing terms in term by term integration involving divergent integrals},
  author={Galapon, Eric A},
  journal={Proceedings of the Royal Society A: Mathematical, Physical and Engineering Sciences},
  volume={473},
  number={2197},
  pages={20160567},
  year={2017},
  publisher={The Royal Society Publishing}
}

@book{hadamard1923lectures,
  title={Lectures on Cauchy's problem in linear partial differential equations},
  author={Hadamard, Jacques},
  volume={37},
  year={1923},
  publisher={Yale University Press}
}


@article{fox1957generalization,
  title={A generalization of the Cauchy principal value},
  author={Fox, Charles},
  journal={Canadian Journal of Mathematics},
  volume={9},
  pages={110--117},
  year={1957},
  publisher={Cambridge University Press}
}

@article{monegato2009definitions,
  title={Definitions, properties and applications of finite-part integrals},
  author={Monegato, G},
  journal={Journal of computational and applied mathematics},
  volume={229},
  number={2},
  pages={425--439},
  year={2009},
  publisher={Elsevier}
}


@article{galapon2016cauchy,
  title={The Cauchy principal value and the Hadamard finite part integral as values of absolutely convergent integrals},
  author={Galapon, Eric A},
  journal={Journal of Mathematical Physics},
  volume={57},
  number={3},
  pages={033502},
  year={2016},
  publisher={AIP Publishing}
}

@inproceedings{fabry1896points,
  title={Sur les points singuliers d'une fonction donn{\'e}e par son d{\'e}veloppement en s{\'e}rie et l'impossibilit{\'e} du prolongement analytique dans des cas tr{\`e}s g{\'e}n{\'e}raux},
  author={Fabry, Eug{\`e}ne},
  booktitle={Annales scientifiques de l'{\'E}cole Normale Sup{\'e}rieure},
  volume={13},
  pages={367--399},
  year={1896}
}

@article{reynolds1964some,
  title={Some Exact Radial Integrals for Dirac-Coulomb Functions},
  author={Reynolds, JT and Onley, DS and Biedenharn, LC},
  journal={Journal of Mathematical Physics},
  volume={5},
  number={3},
  pages={411--419},
  year={1964},
  publisher={American Institute of Physics}
}

@article{alder1956study,
  title={Study of nuclear structure by electromagnetic excitation with accelerated ions},
  author={Alder, Kurt and Bohr, Aage and Huus, Torben and Mottelson, Ben and Winther, Aage},
  journal={Reviews of modern physics},
  volume={28},
  number={4},
  pages={432},
  year={1956},
  publisher={APS}
}

@unpublished{ticathetit,
    title={Finite-Part Integration of the Generalized Stieltjes Transformand its dominant asymptotic behavior for small values of the parameter},
    author ={Tica, Christian D.},
    note = {BS Thesis, University of the Philippines},
    year = {2017}
}

@unpublished{lloydthetit,
    title={Finite-Part Integration in the Presence of Poles and Branch Points and its Application to Ordinary Hypergeometric Function},
    author ={Villanueva, Lloyd L.},
    note = {BS Thesis, University of the Philippines},
    year = {2019}
}


@misc{bonnet1999boundary,
  title={Boundary integral equations methods in solids and fluids},
  author={Bonnet, Marc},
  year={1999},
  publisher={John Wiley and sons}
}

@article{frankel2006generalizing,
  title={Generalizing the method of Kulish to one-dimensional unsteady heat conducting slabs},
  author={Frankel, Jay},
  journal={Journal of thermophysics and heat transfer},
  volume={20},
  number={4},
  pages={945--949},
  year={2006}
}



@article{monegato2009definitions,
  title={Definitions, properties and applications of finite-part integrals},
  author={Monegato, G},
  journal={Journal of computational and applied mathematics},
  volume={229},
  number={2},
  pages={425--439},
  year={2009},
  publisher={Elsevier}
}


@article{frankel2007regularization,
  title={Regularization of inverse heat conduction by combination of rate sensor analysis and analytic continuation},
  author={Frankel, Jay I},
  journal={Journal of Engineering Mathematics},
  volume={57},
  number={2},
  pages={181--198},
  year={2007},
  publisher={Springer}
}

@article{RevModPhys.47.849,
  title = {Introduction to the technique of dimensional regularization},
  author = {Leibbrandt, George},
  journal = {Rev. Mod. Phys.},
  volume = {47},
  issue = {4},
  pages = {849--876},
  numpages = {0},
  year = {1975},
  month = {Oct},
  publisher = {American Physical Society},
  doi = {10.1103/RevModPhys.47.849},
  url = {https://link.aps.org/doi/10.1103/RevModPhys.47.849}
}
@article{shiekh1990zeta,
  title={Zeta-function regularization of quantum field theory},
  author={Shiekh, AY},
  journal={Canadian journal of physics},
  volume={68},
  number={7-8},
  pages={620--629},
  year={1990},
  publisher={NRC Research Press}
}



@article{doi:10.1137/0510083,
author = {Ismail, M. and Kelker, D.},
title = {Special Functions, Stieltjes Transforms and Infinite Divisibility},
journal = {SIAM Journal on Mathematical Analysis},
volume = {10},
number = {5},
pages = {884-901},
year = {1979},
doi = {10.1137/0510083},

URL = {https://doi.org/10.1137/0510083
    
},
eprint = { 
        https://doi.org/10.1137/0510083
    
}

}


@misc{wolfram,
  title = {{The Mathematical Functions Site - Wolfram} HypergeometricPFQ},
  howpublished = {\url{http://functions.wolfram.com/07.27.06.0024.01}},
  note = {Accessed: 2020-04-20}
}

@book{srivastava2012zeta,
  title={Zeta and q-Zeta functions and associated series and integrals},
  author={Srivastava, Hari Mohan and Choi, Junesang},
  year={2012},
  publisher={Elsevier}
}

@misc{wolfram1,
  title = {{The Mathematical Functions Site - Wolfram} HypergeometricPFQ},
  howpublished = {\url{https://functions.wolfram.com/07.27.06.0028.01}},
  note = {Accessed: 2020-04-20}
}

@misc{digamma,
  title = {{The Mathematical Functions Site - Wolfram} PolyGamma},
  howpublished = {\url{http://functions.wolfram.com/06.14.16.0005.01}},
  note = {Accessed: 2020-06-21}
}


@misc{2f21,
  title = {{The Mathematical Functions Site - Wolfram} HypergeometricPFQ},
  howpublished = {\url{http://functions.wolfram.com/07.25.03.0076.01}},
  note = {Accessed: 2020-06-21}
}
@misc{incgamma,
  title = {{The Mathematical Functions Site - Wolfram} Gamma},
  howpublished = {\url{http://functions.wolfram.com/06.06.03.0003.01}},
  note = {Accessed: 2020-06-21}
}

}
@misc{incgamma2,
  title = {{The Mathematical Functions Site - Wolfram} Gamma},
  howpublished = {\url{http://functions.wolfram.com/06.06.03.0011.01
}},
  note = {Accessed: 2020-06-21}
}

@misc{wolfram2F2,
  title = {{The Mathematical Functions Site - Wolfram} HypergeometricPFQ},
  howpublished = {\url{
https://functions.wolfram.com/HypergeometricFunctions/\\Hypergeometric2F2/03/03/08/01/09/
}},
  note = {Accessed: 2020-04-20}
}

@misc{NIST:DLMF,
         key = "{\relax DLMF}",
       title = "{\it NIST Digital Library of Mathematical Functions}",
howpublished = "http://dlmf.nist.gov/, Release 1.1.1 of 2021-03-15",
         url = "\url{http://dlmf.nist.gov/}",
        note = "F.~W.~J. Olver, A.~B. {Olde Daalhuis}, D.~W. Lozier, B.~I. Schneider,
                R.~F. Boisvert, C.~W. Clark, B.~R. Miller, B.~V. Saunders,
                H.~S. Cohl, and M.~A. McClain, eds."}
                
@misc{KdF,
  title = {{The Mathematical Functions Site - Wolfram} HypergeometricPFQ},
  howpublished = {\url{
http://functions.wolfram.com/07.31.20.0002.01
}},
  note = {Accessed: 2020-04-20}
}
                
@misc{nbt,
  key = "{Weisstein, Eric W.}",
  title = "{ "Negative Binomial Series." From MathWorld--A Wolfram Web Resource.}",
  howpublished = {\url{
https://mathworld.wolfram.com/NegativeBinomialSeries.html
}},
  note = {Accessed: 2020-04-20}
}
